
@article{10.1016/j.resuscitation.2016.08.033,
  author    = {Aramendi, Elisabete and Elola, Andoni and Alonso, Erik and Irusta, Unai and Daya, Mohamud and Russell, James K. and Hubner, Pia and Sterz, Fritz},
  date      = {2017/01/01},
  isbn      = {0300-9572},
  journal   = {Resuscitation},
  pages     = {162--168},
  publisher = {Elsevier},
  title     = {Feasibility of the capnogram to monitor ventilation rate during cardiopulmonary resuscitation},
  doi       = {10.1016/j.resuscitation.2016.08.033},
  volume    = {110},
  year      = {2017}
}

@article{10.1016/j.resuscitation.2021.12.028,
  author    = {Orlob, Simon and Kern, Wolfgang J. and Alpers, Birgitt and Sch{\"o}rghuber, Michael and Bohn, Andreas and Holler, Martin and Gr{\"a}sner, Jan-Thorsten and Wnent, Jan},
  date      = {2022/03/01},
  doi       = {10.1016/j.resuscitation.2021.12.028},
  isbn      = {0300-9572},
  journal   = {Resuscitation},
  pages     = {162--169},
  publisher = {Elsevier},
  title     = {Chest compression fraction calculation: A new, automated, robust method to identify periods of chest compressions from defibrillator data \&{\#}x2013; Tested in Zoll X Series},
  volume    = {172},
  year      = {2022}
}

@phdthesis{kern:phd:2024,
  year     = {2024},
  title    = {Towards a data-driven cardiac arrest treatment},
  language = {eng},
  author   = {Kern, Wolfgang Johann},
  url      = {https://unipub.uni-graz.at/urn/urn:nbn:at:at-ubg:1-207085},
  school   = {University of Graz},
  keywords = {Sekundenherztod ; Defibrillation ; Datenanalyse ; Algorithmus ; Maschinelles Lernen}
}

@article{10.1016/j.dib.2022.107973,
  title    = {A sliding-window based algorithm to determine the presence of chest compressions from acceleration data},
  journal  = {Data in Brief},
  volume   = {41},
  pages    = {107973},
  year     = {2022},
  issn     = {2352-3409},
  doi      = {10.1016/j.dib.2022.107973},
  author   = {Wolfgang J. Kern and Simon Orlob and Birgitt Alpers and Michael Schörghuber and Andreas Bohn and Martin Holler and Jan-Thorsten Gräsner and Jan Wnent},
  keywords = {Cardiac arrest, Cardiopulmonary resuscitation, Chest compressions, Chest compression fraction, Accelerometry}
}

@article{10.1109/tbme.2023.3242717,
  author   = {Kern, Wolfgang J. and Orlob, Simon and Bohn, Andreas and Toller, Wolfgang and Wnent, Jan and Gräsner, Jan-Thorsten and Holler, Martin},
  journal  = {IEEE Transactions on Biomedical Engineering},
  title    = {Accelerometry-Based Classification of Circulatory States During Out-of-Hospital Cardiac Arrest},
  year     = {2023},
  volume   = {70},
  number   = {8},
  pages    = {2310--2317},
  keywords = {Electrocardiography;Rhythm;Cardiac arrest;Hospitals;Annotations;Anesthesiology;Autocorrelation;Biomedical monitoring;cardiac arrest;cardiopulmonary resuscitation;pulse check;support vector machine},
  doi      = {10.1109/TBME.2023.3242717}
}

@article{10.1213/ANE.0000000000003482,
  title    = {A {{Randomized Trial}} of {{Continuous Noninvasive Blood Pressure Monitoring During Noncardiac Surgery}}},
  author   = {Maheshwari, Kamal and Khanna, Sandeep and Bajracharya, Gausan Ratna and Makarova, Natalya and Riter, Quinton and Raza, Syed and Cywinski, Jacek B. and Argalious, Maged and Kurz, Andrea and Sessler, Daniel I.},
  id       = {00000539-201808000-00021},
  isbn     = {0003-2999},
  journal  = {Anesthesia \& Analgesia},
  number   = {2},
  volume   = {127},
  number   = {2},
  pages    = {424--431},
  issn     = {0003-2999},
  doi      = {10.1213/ANE.0000000000003482},
  language = {en},
  year     = {2018}
}

@article{10.1016/j.resuscitation.2025.110511,
  title    = {Towards a Common Terminology of Ventilation during Cardiopulmonary Resuscitation},
  author   = {Segond, Nicolas and Wittig, Johannes and Kern, Wolfgang J. and Orlob, Simon},
  date     = {2025-02},
  journal  = {Resuscitation},
  volume   = {207},
  pages    = {110511},
  issn     = {03009572},
  doi      = {10.1016/j.resuscitation.2025.110511},
  language = {en}
}

@article{10.1016/0013-46947090143-4,
  title   = {{{EEG}} Analysis Based on Time Domain Properties},
  author  = {Hjorth, Bo},
  year    = {1970},
  month   = sep,
  journal = {Electroencephalography and Clinical Neurophysiology},
  volume  = {29},
  number  = {3},
  pages   = {306--310},
  issn    = {0013-4694},
  doi     = {10.1016/0013-4694(70)90143-4}
}
