@Misc{one,
    title = {One},
    author = {A. Een},
    note = {\url{https://github.com/}}
}

@Misc{two,
    title = {Two},
    author = {B. Twee},
    note = {aaa\url{https://google.com/}bbb}
}

@Misc{three,
    title = {Three},
    author = {C. Drie},
    howpublished = {\url{https://youtube.com/}}
}

@Misc{four,
    title = {Four},
    author = {D. Vier},
    url = {https://wikipedia.org/}
}
