@article{Helander_2014,
doi = {10.1088/0034-4885/77/8/087001},
year = {2014},
month = {jul},
publisher = {IOP Publishing},
volume = {77},
number = {8},
pages = {087001},
author = {Helander, Per},
title = {Theory of plasma confinement in non-axisymmetric magnetic fields},
journal = {Reports on Progress in Physics},
}



@article{Hindenlang_2025,
doi = {10.1088/1361-6587/adba11},
year = {2025},
month = {mar},
publisher = {IOP Publishing},
volume = {67},
number = {4},
pages = {045002},
author = {Hindenlang, Florian and Plunk, Gabriel G and Maj, Omar},
title = {Computing {MHD} equilibria of stellarators with a flexible coordinate frame},
journal = {Plasma Physics and Controlled Fusion},
}

@article{dewarStellaratorSymmetry1998,
title = {Stellarator symmetry},
journal = {Physica D: Nonlinear Phenomena},
volume = {112},
number = {1},
pages = {275-280},
year = {1998},
note = {Proceedings of the Workshop on Time-Reversal Symmetry in Dynamical Systems},
issn = {0167-2789},
doi = {https://doi.org/10.1016/S0167-2789(97)00216-9},
author = {R.L. Dewar and S.R. Hudson},
keywords = {Time reversal, Fusion, Magnetic field, Toroidal confinement, Stellarator symmetry},
}

@article{lewisPhysicalConstraintsCoefficients1990,
  title = {Physical Constraints on the Coefficients of {{Fourier}} Expansions in Cylindrical Coordinates},
    author = {Lewis, H. Ralph and Bellan, Paul M.},
    journal = {Journal of Mathematical Physics},
    volume = {31},
    number = {11},
    pages = {2592-2596},
    year = {1990},
    month = {11},
    doi = {10.1063/1.529009},
}


@software{Proxima_Fusion_GmbH_VMEC_2025,
author = {{Proxima Fusion GmbH, Munich, Germany} and Schilling, Jonathan and Guiraud, Enrico and Siska, Veronika},
doi = {10.5281/zenodo.14800158},
license = {["mit"]},
month = feb,
title = {{VMEC++}},
version = {0.1.0},
year = {2025}
}

 @article{Schilling_2025, title={The Numerics of VMEC++},
 DOI={10.48550/arXiv.2502.04374}, note={arXiv:2502.04374 [physics]}, number={arXiv:2502.04374}, publisher={arXiv}, author={Schilling, Jonathan}, year={2025}, month=feb }



@misc{ doecode_12551,
title = {STELLOPT},
author = {Lazerson, Samuel and Schmitt, John and Zhu, Caoxiang and Breslau, Joshua and STELLOPT Developers, All},
doi = {10.11578/dc.20180627.6},
year = {2020},
month = {5}
}


@techreport{osti_4285864,
  author       = {Goldman, L M and Spitzer, L Jr},
  title        = {PRELIMINARY EXPERIMENTAL RESULTS WITH THE MODEL A STELLARATOR},
  institution  = {Princeton Univ., N.J. Project Matterhorn},
  place        = {United States},
  year         = {1953},
  month        = {05}}


@article{vmec_83,
author = {Hirshman,S. P.  and Whitson,J. C. },
title = {Steepest‐descent moment method for three‐dimensional magnetohydrodynamic equilibria},
journal = {The Physics of Fluids},
volume = {26},
number = {12},
pages = {3553-3568},
year = {1983},
doi = {10.1063/1.864116}
}

@book{haeseleer,
author = {W.D. Dhaeseleer and W.N.G. Hitchon and J.D. Callen and J.L. Shohet},
title = {Flux Coordinates and Magnetic Field Structure, A Guide to a Fundamental Tool of Plasma Theory},
publisher = {Springer-Verlag, New York},
year = {1991}
}

@article{vmec_precond_91,
author = {S.P Hirshman and O Betancourt},
title = {Preconditioned descent algorithm for rapid calculations of magnetohydrodynamic equilibria},
journal = {Journal of Computational Physics},
volume = {96},
number = {1},
pages = {99 - 109},
year = {1991},
doi = {10.1016/0021-9991(91)90267-O}
}

@article{vmec_spectrum_85,
author = {S.P. Hirshman and H.K. Meier },
title = {Optimized Fourier representations for three-dimensional magnetic surfaces},
journal = {The Physics of Fluids},
volume = {28},
number = {5},
pages = {1387-1391},
year = {1985},
doi = {10.1063/1.864972}
}
@article{vmec_freebound_86,
title = {Three-dimensional free boundary calculations using a spectral Green's function method},
journal = {Computer Physics Communications},
volume = {43},
number = {1},
pages = {143-155},
year = {1986},
issn = {0010-4655},
doi = {10.1016/0010-4655(86)90058-5},
author = {S.P. Hirshman and W.I. {van RIJ} and P. Merkel},
}

%Plunk / Rogerio / Landreman pyQSC for frenet
@article{JPP2019_Landreman_Sengupta_Plunk,
title={Direct construction of optimized stellarator shapes. Part 2. Numerical quasisymmetric solutions},
volume={85},
DOI={10.1017/S0022377818001344},
number={1},
journal={Journal of Plasma Physics},
publisher={Cambridge University Press},
author={Landreman, Matt and Sengupta, Wrick and Plunk, Gabriel G.},
year={2019},
pages={905850103}}

%GENE-3D
@article{maurer2020gene,
  title={{GENE-3D}: A global gyrokinetic turbulence code for stellarators},
  author={Maurer, Maurice and Navarro, A Ba{\~n}{\'o}n and Dannert, Tilman and Restelli, Marco and Hindenlang, Florian and G{\"o}rler, Tobias and Told, Daniel and Jarema, Denis and Merlo, Gabriele and Jenko, Frank},
  journal={Journal of Computational Physics},
  volume={420},
  pages={109694},
  year={2020},
  publisher={Academic Press}
}

@article{navarro2020global,
  title={Global gyrokinetic simulations of {ITG} turbulence in the magnetic configuration space of the {Wendelstein 7-X} stellarator},
  author={Navarro, A Banon and Merlo, G and Plunk, GG and Xanthopoulos, P and Von Stechow, A and Di Siena, A and Maurer, M and Hindenlang, F and Wilms, F and Jenko, F},
  journal={Plasma Physics and Controlled Fusion},
  volume={62},
  number={10},
  pages={105005},
  year={2020},
  publisher={IOP Publishing}
}

@article{wilms2021global,
  title={Global electromagnetic turbulence simulations of {W7-X}-like plasmas with {GENE-3D}},
  author={Wilms, Felix and Navarro, Alejandro Ba{\~n}{\'o}n and Merlo, Gabriele and Leppin, Leonhard and G{\"o}rler, Tobias and Dannert, Tilman and Hindenlang, Florian and Jenko, Frank},
  journal={Journal of Plasma Physics},
  volume={87},
  number={6},
  pages={905870604},
  year={2021},
  publisher={Cambridge University Press}
}

%JOREK3D
@article{nikulsin2022jorek3d,
  title={{JOREK3D}: An extension of the {JOREK} nonlinear {MHD} code to stellarators},
  author={Nikulsin, Nikita and Ramasamy, Rohan and Hoelzl, Matthias and Hindenlang, Florian and Strumberger, Erika and Lackner, Karl and G{\"u}nter, Sibylle and Jorek Team and others},
  journal={Physics of Plasmas},
  volume={29},
  number={6},
  year={2022},
  publisher={AIP Publishing}
}

%CASTOR3D
@article{puchmayr2023helical,
  title={Helical mode localization and mode locking of ideal {MHD} instabilities in magnetically perturbed tokamak plasmas},
  author={Puchmayr, Jonas and Dunne, Mike G and Strumberger, Erika and Willensdorfer, Matthias and Zohm, Hartmut and Hindenlang, Florian},
  journal={Nuclear Fusion},
  year={2023}
}

@book{freidberg_idealMHD,
place={Cambridge},
title={Ideal {MHD}},
DOI={10.1017/CBO9780511795046},
publisher={Cambridge University Press},
author={Freidberg, Jeffrey P.},
year={2014}
}

@ARTICLE{virtanen2020SciPy,
  author  = {Virtanen, Pauli and Gommers, Ralf and Oliphant, Travis E. and
            Haberland, Matt and Reddy, Tyler and Cournapeau, David and
            Burovski, Evgeni and Peterson, Pearu and Weckesser, Warren and
            Bright, Jonathan and {van der Walt}, St{\'e}fan J. and
            Brett, Matthew and Wilson, Joshua and Millman, K. Jarrod and
            Mayorov, Nikolay and Nelson, Andrew R. J. and Jones, Eric and
            Kern, Robert and Larson, Eric and Carey, C J and
            Polat, {\.I}lhan and Feng, Yu and Moore, Eric W. and
            {VanderPlas}, Jake and Laxalde, Denis and Perktold, Josef and
            Cimrman, Robert and Henriksen, Ian and Quintero, E. A. and
            Harris, Charles R. and Archibald, Anne M. and
            Ribeiro, Ant{\^o}nio H. and Pedregosa, Fabian and
            {van Mulbregt}, Paul and {SciPy 1.0 Contributors}},
  title   = {{{SciPy} 1.0: Fundamental Algorithms for Scientific
            Computing in Python}},
  journal = {Nature Methods},
  year    = {2020},
  volume  = {17},
  pages   = {261--272},
  doi     = {10.1038/s41592-019-0686-2},
}

@article{Plunk_figure_8,
doi = {10.1088/1361-6587/adb64b},
year = {2025},
month = {feb},
publisher = {IOP Publishing},
volume = {67},
number = {3},
pages = {035025},
author = {Plunk, Gabriel G and Drevlak, Michael and Rodríguez, Eduardo and Babin, Robert and Goodman, Alan and Hindenlang, Florian},
title = {Back to the figure-8 stellarator},
journal = {Plasma Physics and Controlled Fusion},
}
