@Misc{testone,
  author = {Ad al Ap},
  title = {TestOne},
  year = 2001
}

@Misc{testtwo,
  author = {Bo Be and Cy Ci},
  title = {TestTwo},
  year = 2002
}

@Misc{testthree,
  author =    {Do de Du and Ed Em and Fo Fa},
  title =     {TestThree},
  year = 2003
}
