@inbook{srivastava+klassen_2016_functionala,
  crossref = {srivastava+klassen_2016_functional},
  title = {Functional Data and Elastic Registration},
  pages = {73--123},
}

@inbook{srivastava+klassen_2016_statistical,
  crossref = {srivastava+klassen_2016_functional},
  title = {Statistical Modeling of Functional Data},
  pages = {269--303},
}

@book{srivastava+klassen_2016_functional,
  title = {Functional and Shape Data Analysis},
  booktitle = {Functional and Shape Data Analysis},
  author = {Srivastava, Anuj and Klassen, Eric P.},
  editor = {Bicke, Peter and Diggle, Peter and Fienberg, Stephen E. and Gather, Ursula and Olkin, Ingram and Zeger, Scott},
  year = {2016},
  series = {Springer {{Series}} in {{Statistics}}},
  publisher = {{Springer-Verlag}},
  address = {{New York}},
  doi = {10.1007/978-1-4939-4020-2},
  url = {https://www.springer.com/gp/book/9781493940189},
  urldate = {2020-01-12},
  isbn = {978-1-4939-4018-9},
  langid = {english}
}
