@article{martinez2023relativistic,
  title={Relativistic magnetic interactions from nonorthogonal basis sets},
  author={Mart{\'\i}nez-Carracedo, Gabriel and Oroszl{\'a}ny, L{\'a}szl{\'o} and Garc{\'\i}a-Fuente, Amador and Ny{\'a}ri, Bendeg{\'u}z and Udvardi, L{\'a}szl{\'o} and Szunyogh, L{\'a}szl{\'o} and Ferrer, Jaime},
  journal={Physical Review B},
  volume={108},
  number={21},
  pages={214418},
  year={2023},
  publisher={APS}
}

@misc{zerothi_grogupy,
    author={Daniel, Pozsar},
    title={grogupy: v<fill-version>},
    year={2025},
    doi={10.5281/zenodo.15449541},
    url={https://doi.org/10.5281/zenodo.15449541}
}

@misc{zerothi_sisl,
  author       = {Papior, Nick},
  title        = {sisl: v<fill-version>},
  year         = {2024},
  doi          = {10.5281/zenodo.597181},
  url          = {https://doi.org/10.5281/zenodo.597181}
}
