@Misc{TestKey,
  author =    {Mickey Mouse},
  title =     {Test Title},
}
